@unpublished{Rijke,
       author = "Rijke, Egbert",
       title = "Introduction to Homotopy Type Theory",
       note = "Unfinished lecture notes",
       year = "2018" }
       
@Book{HoTT,
  author =    {The {Univalent Foundations Program}},
  title =     {Homotopy Type Theory: Univalent Foundations of Mathematics},
  publisher = {\url{https://homotopytypetheory.org/book}},
  address =   {Institute for Advanced Study},
  year =      2013}
       
@ARTICLE{LoS,
       author = {{Shulman}, Michael},
        title = "{Homotopy type theory: the logic of space}",
      journal = {arXiv e-prints},
     keywords = {Mathematics - Category Theory, Mathematics - Logic},
         year = "2017",
        month = "Mar",
          eid = {arXiv:1703.03007},
        pages = {arXiv:1703.03007},
archivePrefix = {arXiv},
       eprint = {1703.03007},
 primaryClass = {math.CT},
       adsurl = {https://ui.adsabs.harvard.edu/abs/2017arXiv170303007S},
      adsnote = {Provided by the SAO/NASA Astrophysics Data System}
}


@inproceedings{Gambino,
	Address = {Berlin, Heidelberg},
	Author = {Aczel, Peter and Gambino, Nicola},
	Booktitle = {Types for Proofs and Programs},
	Editor = {Callaghan, Paul and Luo, Zhaohui and McKinna, James and Pollack, 
	Robert and Pollack, Robert},
	Isbn = {978-3-540-45842-5},
	Pages = {1--23},
	Publisher = {Springer Berlin Heidelberg},
	Title = {Collection Principles in Dependent Type Theory},
	Year = {2002}}



@incollection{Dwyer,
	Address = {Amsterdam},
	Author = {W.G. Dwyer and J. Spalinski},
	Booktitle = {Handbook of Algebraic Topology},
	Chapter = {2},
	Date-Modified = {2019-06-21 19:13:43 -0400},
	Doi = {https://doi.org/10.1016/B978-044481779-2/50003-1},
	Editor = {I.M. JAMES},
	Isbn = {978-0-444-81779-2},
	Pages = {73 - 126},
	Publisher = {North-Holland},
	Title = {Homotopy Theories and Model Categories},
	Url = {http://www.sciencedirect.com/science/article/pii/B9780444817792500031},
	Year = {1995},
	Bdsk-Url-1 = {http://www.sciencedirect.com/science/article/pii/B9780444817792500031},
	Bdsk-Url-2 = {https://doi.org/10.1016/B978-044481779-2/50003-1}}
       
@mastersthesis{Rijke2,
  author       = {Rijke, Egbert}, 
  title        = {Homotopy type theory},
  school       = {Utrecht University},
  type		   = {Master's thesis},
  address      = {The Netherlands},
  year         = 2012,
  month        = 7
}
        
        
@INPROCEEDINGS{Hofmann,
    author = {Martin Hofmann},
    title = {On the Interpretation of Type Theory in Locally Cartesian Closed Categories},
    booktitle = {Proceedings of Computer Science Logic, Lecture Notes in Computer Science},
    year = {1994},
    pages = {427--441},
    publisher = {Springer}
}

@online{Riehl,
  author = {Emily Riehl},
  title = {A leisurely introduction to simplicial sets},
  year = 2011,
  url = {http://www.math.jhu.edu/~eriehl/ssets.pdf},
  urldate = {2019-06-21}
}

@online{Joyal,
  author = {Andre Joyal and Myles Tierney},
  title = {Notes on simplicial homotopy theory},
  year = 2008,
  url = {http://www.mat.uab.cat/~kock/crm/hocat/advanced-course/Quadern47.pdf},
  urldate = {2019-06-21}
}


@misc{Rezk,
    title={Reedy categories and the $\Theta$-construction},
    author={Julia E. Bergner and Charles Rezk},
    year={2011},
    eprint={1110.1066},
    archivePrefix={arXiv},
    primaryClass={math.AT}
}


@book{Hirsch,
  title={Model Categories and Their Localizations},
  author={Hirschhorn, P.S.},
  isbn={9780821849170},
  series={Mathematical surveys and monographs},
  url={https://books.google.com/books?id=jKPN38l8LwcC},
  year={2003},
  publisher={American Mathematical Society}
}


@misc{KL,
    title={The Simplicial Model of Univalent Foundations (after Voevodsky)},
    author={Chris Kapulkin and Peter LeFanu Lumsdaine},
    year={2012},
    eprint={1211.2851},
    archivePrefix={arXiv},
    primaryClass={math.LO}
}

@misc{Shul,
    title={The univalence axiom for elegant Reedy presheaves},
    author={Michael Shulman},
    year={2013},
    eprint={1307.6248},
    archivePrefix={arXiv},
    primaryClass={math.AT}
}

@BOOK{Bart, 
AUTHOR       = "B. Jacobs", 
TITLE        = "Categorical Logic and Type Theory",
PUBLISHER    = "North Holland", 
ADDRESS      = "Amsterdam", 
SERIES       = "Studies in Logic and the Foundations of Mathematics",
NUMBER       = "141",
YEAR         = "1999"}



@online{New,
  author = {Clive Newstead},
  title = {Locally cartesian closed categories},
  year = 2017,
  url = {https://sites.math.northwestern.edu/~newstead/talks/20170301.pdf},
  urldate = {2019-06-22}
}


@inbook{Streicher,
	Address = {Boston, MA},
	Author = {Streicher, Thomas},
	Booktitle = {Semantics of Type Theory},
	Chapter = {1},
	Date-Modified = {2019-06-22 12:33:35 -0400},
	Doi = {10.1007/978-1-4612-0433-6_2},
	Isbn = {978-1-4612-0433-6},
	Pages = {43--111},
	Publisher = {Birkh{\"a}user Boston},
	Title = {Contextual Categories and Categorical Semantics of Dependent Types},
	Url = {https://doi.org/10.1007/978-1-4612-0433-6_2},
	Year = {1991},
	Bdsk-Url-1 = {https://doi.org/10.1007/978-1-4612-0433-6_2}}


@incollection{Pitts,
 author = {Pitts, Andrew M.},
 chapter = {Categorical Logic},
 title = {Handbook of Logic in Computer Science},
 year = {2000},
 isbn = {0-19-853781-6},
 pages = {39--123},
 numpages = {85},
 url = {http://dl.acm.org/citation.cfm?id=373919.373928},
 acmid = {373928},
 publisher = {Oxford University Press},
 address = {Oxford, UK},
}

@book{Awodey,
 author = {Awodey, Steve},
 title = {Category Theory},
 year = {2010},
 isbn = {0199237182, 9780199237180},
 edition = {2nd},
 publisher = {Oxford University Press, Inc.},
 address = {New York, NY, USA},
}


@ARTICLE{Voev1,
       author = {{Voevodsky}, Vladimir},
        title = "{Subsystems and regular quotients of C-systems}",
      journal = {arXiv e-prints},
     keywords = {Mathematics - Logic, 03B15, 03B22, 03F50, 03G25},
         year = "2014",
        month = "Jun",
          eid = {arXiv:1406.7413},
        pages = {arXiv:1406.7413},
archivePrefix = {arXiv},
       eprint = {1406.7413},
 primaryClass = {math.LO},
       adsurl = {https://ui.adsabs.harvard.edu/abs/2014arXiv1406.7413V},
      adsnote = {Provided by the SAO/NASA Astrophysics Data System}
}


@ARTICLE{Voev2,
       author = {{Voevodsky}, Vladimir},
        title = "{A C-system defined by a universe category}",
      journal = {arXiv e-prints},
     keywords = {Mathematics - Logic, Mathematics - Category Theory, 03F50, 03B15, 03G25},
         year = "2014",
        month = "Sep",
          eid = {arXiv:1409.7925},
        pages = {arXiv:1409.7925},
archivePrefix = {arXiv},
       eprint = {1409.7925},
 primaryClass = {math.LO},
       adsurl = {https://ui.adsabs.harvard.edu/abs/2014arXiv1409.7925V},
      adsnote = {Provided by the SAO/NASA Astrophysics Data System}
}

@Inbook{Str,
author="Streicher, Thomas",
title="Correctness of the Interpretation of the Calculus of Constructions in Doctrines of Constructions",
bookTitle="Semantics of Type Theory: Correctness, Completeness and Independence Results",
year="1991",
publisher="Birkh{\"a}user Boston",
address="Boston, MA",
pages="156--220",
isbn="978-1-4612-0433-6",
doi="10.1007/978-1-4612-0433-6_4"
}

@inbook{Hof, 
place={Cambridge}, 
series={Publications of the Newton Institute}, 
title={Syntax and Semantics of Dependent Types}, 
DOI={10.1017/CBO9780511526619.004}, 
booktitle={Semantics and Logics of Computation}, 
publisher={Cambridge University Press}, 
author={Hofmann, Martin}, 
editor={Pitts, Andrew M. and Dybjer, P.Editors}, 
year={1997}, 
pages={79–130}, 
collection={Publications of the Newton Institute}}

@misc{voev,
    title={A C-system defined by a universe category},
    author={Vladimir Voevodsky},
    year={2014},
    eprint={1409.7925},
    archivePrefix={arXiv},
    primaryClass={math.LO}
}

@unpublished{Rognes,
author = {John Rognes},
title = {Lecture Notes on Algebraic \emph{K}-Theory},
note = {Unpublished course notes},
year = {2010}
}

@misc{Nat,
    title={Natural models of homotopy type theory},
    author={Steve Awodey},
    year={2014},
    eprint={1406.3219},
    archivePrefix={arXiv},
    primaryClass={math.CT}
}

@book{Hovey,
  title={Model Categories},
  author={Hovey, M.},
  isbn={9780821843611},
  lccn={98345399},
  series={Mathematical surveys and monographs},
  url={https://books.google.com/books?id=Kfs4uuiTXN0C},
  year={2007},
  publisher={American Mathematical Society}
}

@online{Riehl2,
  author = {Emily Riehl},
  title = {A concise definition of a model category},
  year = 2010,
  url = {http://www.math.jhu.edu/~eriehl/modelcat.pdf},
  urldate = {2020-01-21}
}

@book{goerss,
  title={Simplicial Homotopy Theory},
  author={Goerss, P.G. and Jardine, J.F.},
  isbn={9783764360641},
  lccn={99029941},
  series={Progress in mathematics (Boston, Mass.) v. 174},
  url={https://books.google.com/books?id=xFwXQCtNcUoC},
  year={1999},
  publisher={Springer}
}

@MISC{Joyal2,
    author = {André Joyal},
    title = { The Theory of Quasi-Categories and its Applications},
    year = {}
}

@article{Barr,
 ISSN = {00029327, 10806377},
 URL = {http://www.jstor.org/stable/2372920},
 author = {M. G. Barratt and V. K. A. M. Gugenheim and J. C. Moore},
 journal = {American Journal of Mathematics},
 number = {3},
 pages = {639--657},
 publisher = {Johns Hopkins University Press},
 title = {On Semisimplicial Fibre-Bundles},
 volume = {81},
 year = {1959}
}

@article{Williams,
     author = {Williams, N. H.},
     title = {On Grothendieck universes},
     journal = {Compositio Mathematica},
     publisher = {Wolters-Noordhoff Publishing},
     volume = {21},
     number = {1},
     year = {1969},
     pages = {1-3},
     zbl = {0175.00701},
     mrnumber = {244035},
     language = {en},
     url = {http://www.numdam.org/item/CM_1969__21_1_1_0}
}

@misc{Shul2,
    title={All $(\infty,1)$-toposes have strict univalent universes},
    author={Michael Shulman},
    year={2019},
    eprint={1904.07004},
    archivePrefix={arXiv},
    primaryClass={math.AT}
}

@misc{GK,
    title={Univalence in locally cartesian closed infinity-categories},
    author={David Gepner and Joachim Kock},
    year={2012},
    eprint={1208.1749},
    archivePrefix={arXiv},
    primaryClass={math.CT}
}

@MISC {MSER,
    TITLE = {Direct way to show that 2-out-of-6 holds for weak equivalences in a model category?},
    AUTHOR = {Charles Rezk (https://math.stackexchange.com/users/17585/charles-rezk)},
    HOWPUBLISHED = {Mathematics Stack Exchange},
    NOTE = {URL:https://math.stackexchange.com/q/1495891 (version: 2015-10-24)},
    EPRINT = {https://math.stackexchange.com/q/1495891},
    URL = {https://math.stackexchange.com/q/1495891}
}

@book{Lurie,
 ISBN = {\\9780691140490},
 URL = {http://www.jstor.org/stable/j.ctt7s47v},
 author = {Jacob Lurie},
 publisher = {Princeton University Press},
 title = {Higher Topos Theory (AM-170)},
 year = {2009}
}

@article{DKan,
  doi = {10.1016/0022-4049(80)90049-3},
  url = {https://doi.org/10.1016/0022-4049(80)90049-3},
  year = {1980},
  month = jun,
  publisher = {Elsevier {BV}},
  volume = {17},
  number = {3},
  pages = {267--284},
  author = {W.G. Dwyer and D.M. Kan},
  title = {Simplicial localizations of categories},
  journal = {Journal of Pure and Applied Algebra}
}